@article{korotin-2022,
  author  = {Korotin, Alexander and Selikhanovych, Daniil and Burnaev, Evgeny},
  journal = {arXiv (Cornell University)},
  month   = {1},
  title   = {{Neural optimal transport}},
  year    = {2022},
  doi     = {10.48550/arxiv.2201.12220},
  url     = {https://arxiv.org/abs/2201.12220}
}

@inproceedings{celeba_dataset,
  title = {Deep Learning Face Attributes in the Wild},
  author = {Liu, Ziwei and Luo, Ping and Wang, Xiaogang and Tang, Xiaoou},
  booktitle = {Proceedings of International Conference on Computer Vision (ICCV)},
  month = {December},
  year = {2015} 
}

@article{cartoonset_dataset,
  author       = {Amelie Royer and
                  Konstantinos Bousmalis and
                  Stephan Gouws and
                  Fred Bertsch and
                  Inbar Mosseri and
                  Forrester Cole and
                  Kevin Murphy},
  title        = {{XGAN:} Unsupervised Image-to-Image Translation for many-to-many Mappings},
  journal      = {CoRR},
  volume       = {abs/1711.05139},
  year         = {2017},
  url          = {http://arxiv.org/abs/1711.05139},
  eprinttype    = {arXiv},
  eprint       = {1711.05139},
  timestamp    = {Fri, 01 Sep 2023 11:07:03 +0200},
  biburl       = {https://dblp.org/rec/journals/corr/abs-1711-05139.bib},
  bibsource    = {dblp computer science bibliography, https://dblp.org}
}