@article{korotin-2022,
  author  = {Korotin, Alexander and Selikhanovych, Daniil and Burnaev, Evgeny},
  journal = {arXiv (Cornell University)},
  month   = {1},
  title   = {{Neural optimal transport}},
  year    = {2022},
  doi     = {10.48550/arxiv.2201.12220},
  url     = {https://arxiv.org/abs/2201.12220}
}

@inproceedings{celeba_dataset,
  title = {Deep Learning Face Attributes in the Wild},
  author = {Liu, Ziwei and Luo, Ping and Wang, Xiaogang and Tang, Xiaoou},
  booktitle = {Proceedings of International Conference on Computer Vision (ICCV)},
  month = {December},
  year = {2015} 
}

@article{cartoonset_dataset,
  author       = {Amelie Royer and
                  Konstantinos Bousmalis and
                  Stephan Gouws and
                  Fred Bertsch and
                  Inbar Mosseri and
                  Forrester Cole and
                  Kevin Murphy},
  title        = {{XGAN:} Unsupervised Image-to-Image Translation for many-to-many Mappings},
  journal      = {CoRR},
  volume       = {abs/1711.05139},
  year         = {2017},
  url          = {http://arxiv.org/abs/1711.05139},
  eprinttype    = {arXiv},
  eprint       = {1711.05139},
  timestamp    = {Fri, 01 Sep 2023 11:07:03 +0200},
  biburl       = {https://dblp.org/rec/journals/corr/abs-1711-05139.bib},
  bibsource    = {dblp computer science bibliography, https://dblp.org}
}

@book{kallenberg2002foundations,
  added-at = {2015-02-23T20:19:17.000+0100},
  author = {Kallenberg, Olav},
  biburl = {https://www.bibsonomy.org/bibtex/2905a4d28c5d86d23aaf21f62d0f34954/peter.ralph},
  doi = {10.1007/978-1-4757-4015-8},
  edition = {Second},
  interhash = {ffb70ba7323cf9bae5dd8b094824820d},
  intrahash = {905a4d28c5d86d23aaf21f62d0f34954},
  isbn = {0-387-95313-2},
  keywords = {book probability_theory reference},
  mrclass = {60-01},
  mrnumber = {1876169 (2002m:60002)},
  mrreviewer = {Klaus D. Schmidt},
  pages = {xx+638},
  publisher = {Springer-Verlag, New York},
  series = {Probability and its Applications (New York)},
  timestamp = {2015-02-23T20:19:17.000+0100},
  title = {Foundations of modern probability},
  url = {http://dx.doi.org/10.1007/978-1-4757-4015-8},
  year = 2002
}
